@article{article,
author = {Mantel, Ronald and Schuur, Peter and Heragu, Sunderesh},
year = {2007},
month = {02},
pages = {301-316},
title = {Order oriented slotting: A new assignment strategy for warehouses},
volume = {1},
journal = {European Journal of Industrial Engineering},
doi = {10.1504/EJIE.2007.014689}
}