@article{article,
author = {Kovacs, Andras},
year = {2011},
month = {09},
pages = {312-318},
title = {Optimizing the Storage Assignment in a Warehouse Served by Milkrun Logistics},
volume = {133},
journal = {International Journal of Production Economics},
doi = {10.1016/j.ijpe.2009.10.028}
}